@book{freyd1964abelian,
  title={Abelian categories},
  author={Freyd, Peter J},
  volume={1964},
  year={1964},
  publisher={Harper \& Row New York}
}

@misc{roch2020brief,
  title={A brief introduction to abelian categories},
  author={Roch, Sandro M.},
  year={2020},
  publisher={Universitat de Barcelona}
}